@article{vandermaaten2009dimensionality,
  title={Dimensionality reduction: a comparative review},
  author={Van der Maaten, Laurens and Postma, Eric and Van den Herik, Jaap},
  journal={J Mach Learn Res},
  volume={10},
  number={66-71},
  pages={13},
  year={2009}
}

@book{jolliffe2002principal,
  title={Principal component analysis},
  author={Jolliffe, Ian T},
  year={2002},
  publisher={Springer}
}

@article{tenenbaum2000global,
  title={A global geometric framework for nonlinear dimensionality reduction},
  author={Tenenbaum, Joshua B and De Silva, Vin and Langford, John C},
  journal={science},
  volume={290},
  number={5500},
  pages={2319--2323},
  year={2000},
  publisher={American Association for the Advancement of Science}
}

@article{roweis2000nonlinear,
  title={Nonlinear dimensionality reduction by locally linear embedding},
  author={Roweis, Sam T and Saul, Lawrence K},
  journal={science},
  volume={290},
  number={5500},
  pages={2323--2326},
  year={2000},
  publisher={American Association for the Advancement of Science}
}

@article{hinton2006reducing,
  title={Reducing the dimensionality of data with neural networks},
  author={Hinton, Geoffrey E and Salakhutdinov, Ruslan R},
  journal={science},
  volume={313},
  number={5786},
  pages={504--507},
  year={2006},
  publisher={American Association for the Advancement of Science}
}

@article{xiao2017fashion,
  title={Fashion-mnist: a novel image dataset for benchmarking machine learning algorithms},
  author={Xiao, Han and Rasul, Kashif and Vollgraf, Roland},
  journal={arXiv preprint arXiv:1708.07747},
  year={2017}
}

@inproceedings{akiba2019optuna,
  title={Optuna: A next-generation hyperparameter optimization framework},
  author={Akiba, Takuya and Sano, Shotaro and Yanase, Toshihiko and Ohta, Takeru and Koyama, Masanori},
  booktitle={Proceedings of the 25th ACM SIGKDD international conference on knowledge discovery \& data mining},
  pages={2623--2631},
  year={2019}
}

@article{wang2021comprehensive,
  title={A comprehensive survey on transfer learning},
  author={Wang, Fuzhen and Jiang, Minghui and Qian, Chen and Yang, Shuo and Li, Cheng and Zhang, Honggang and Wang, Xiaogang and Tang, Xiaoou},
  journal={Proceedings of the IEEE},
  volume={109},
  number={1},
  pages={43--76},
  year={2021},
  publisher={IEEE}
}